
@string{ESA05 = "13th European Symposium on Algorithms"}
@string{ESA13 = "21st European Symposium on Algorithms"}

@string{FOCS09 = "50th Annual {IEEE} Symposium on Foundations of Computer 
                  Science"}

@string{INFOCOM15 = "34th IEEE Conference on Computer Communications"}

@string{MOBICOM05 = "11th Annual International Conference on Mobile 
                     Computing and Networking"}

@string{MOBIHOC06 = "7th {ACM} Interational Symposium on Mobile
                     Ad Hoc Networking and Computing"}

@string{PODC = "ACM Symposium on Principles of Distributed Computing"}

@string{SIROCCO16 = "23rd International Colloquium on Structural 
                    Information and Communication Complexity"}

@string{SPAA13 = "25th {ACM} Symposium on Parallelism in Algorithms 
                  and Architectures"}

@string{SOCG06 = "22nd {ACM} Symposium on Computational Geometry"}

@string{SODA07 = "18th Annual {ACM-SIAM} Symposium on Discrete Algorithms"}
@string{SODA08 = "19th Annual {ACM-SIAM} Symposium on Discrete Algorithms"}

@string{SSS16 = "18th International Symposium on Stabilization, Safety, and
                 Security of Distributed Systems"}

@string{LNCS = "LNCS"}

@string{TCS = "Theoretical Computer Science"}
@string{ALGO = "Algorithmica"}


%%%

@Manual{NFV12,
  title = 	 {Network Functions Virtualisation: An Introduction,
                  Benefits, Enablers, Challenges \& Call for Action},
  organization = {ESTI},
  howpublished = {\url{https://portal.etsi.org/nfv/nfv_white_paper.pdf}},
  month = 	 {October},
  year = 	 {2012},
}

@Manual{ServiceChaining15,
  title = 	 {Service Chaining in Carrier Networks},
  howpublished = {\url{http://www.qosmos.com/wp-content/uploads/2015/02/Service-Chaining-in-Carrier-Networks_WP_Heavy-Reading_Qosmos_Feb2015.pdf}},
  author = 	 {Gabriel Brown},
  organization = {Heavy Reading},
  month = 	 {February},
  year = 	 {2015},
}

%%% C %%%

@inproceedings{CLNR15,
  author    = {Rami Cohen and Liane Lewin-Eytan and Joseph Naor and
               Danny Raz},
  title     = {Near optimal placement of virtual network functions},
  booktitle = INFOCOM15, 
  pages     = {1346--1354},
  year      = {2015},
}


%%% E %%%

@inproceedings{EMP16,
  author    = {Guy Even and Moti Medina and Boaz Patt-Shamir},
  title     = {On-Line Path Computation and Function Placement in {SDN}s},
  booktitle = SSS16,
  pages     = {131--147},
  series    = LNCS,
  volume    = {10083},
  year      = {2016},
}

@inproceedings{ERS16,
  author    = {Guy Even and Matthias Rost and Stefan Schmid},
  title     = {An Approximation Algorithm for Path Computation and
               Function Placement in SDNs},
  booktitle = SIROCCO16,
  series    = LNCS,
  volume    = {9988},
  pages     = {374--390},
  year      = {2016},

}

%%% G %%%

@Book{GarJoh79,
  author =	 {Michael R. Garey and David S. Johnson},
  title = 	 {Computers and Intractability: A Guide to the Theory of 
                  NP-Completeness},
  publisher = 	 {W.H. Freeman and Company},
  year = 	 1979,
  address =	 {San Francisco}
}

%%% K %%%

@article{KRVRAU15,
  author    = {Diego Kreutz and Fernando M. V. Ramos and
               Paulo Jorge Esteves Ver{\'{\i}}ssimo and
               Christian Esteve Rothenberg and Siamak Azodolmolky and
               Steve Uhlig},
  title     = {Software-Defined Networking: {A} Comprehensive Survey},
  journal   = {Proceedings of the {IEEE}},
  volume    = {103},
  number    = {1},
  pages     = {14--76},
  year      = {2015},
}

